@Article{dynShortPath,
	author= {Jianhang Gao and
			Qing Zhao and
			Wei Ren and
			Ananthram Swami and
			Ram Ramanathan and
			Amotz Bar{-}Noy},
	title={Dynamic Shortest Path Algorithms for Hypergraphs},
	journal   = {CoRR},
	volume    = {abs/1202.0082},
	year      = {2012},
	url       = {http://arxiv.org/abs/1202.0082},
	timestamp = {Wed, 10 Oct 2012 21:28:47 +0200},
	biburl    = {http://dblp.uni-trier.de/rec/bib/journals/corr/abs-1202-0082},
	bibsource = {dblp computer science bibliography, http://dblp.org}
}

@Article{GALLO1993177,
	title = "Directed hypergraphs and applications",
	journal = "Discrete Applied Mathematics",
	volume = "42",
	number = "2",
	pages = "177 - 201",
	year = "1993",
	note = "",
	issn = "0166-218X",
	doi = "http://dx.doi.org/10.1016/0166-218X(93)90045-P",
	url = "http://www.sciencedirect.com/science/article/pii/0166218X9390045P",
	author = "Giorgio Gallo and Giustino Longo and Stefano Pallottino and Sang Nguyen",
}

@TECHREPORT{Ausiello92optimaltraversal,
    author = {Giorgio Ausiello and Roberto Giaccio and Giuseppe F. Italiano and Umberto Nanni},
    title = {Optimal Traversal of Directed Hypergraphs},
    institution = {},
    year = {1992}
}

@article{RAMALINGAM1996267,
	title = "An Incremental Algorithm for a Generalization of the Shortest-Path Problem",
	journal = "Journal of Algorithms",
	volume = "21",
	number = "2",
	pages = "267 - 305",
	year = "1996",
	note = "",
	issn = "0196-6774",
	doi = "http://dx.doi.org/10.1006/jagm.1996.0046",
	url = "http://www.sciencedirect.com/science/article/pii/S0196677496900462",
	author = "G. Ramalingam and Thomas Reps",
}

@article {PAMM:PAMM200700714,
	author = {Gr√ºne, Lars and Junge, Oliver},
	title = {An efficient algorithm for perturbed shortest path problems},
	journal = {PAMM},
	volume = {7},
	number = {1},
	publisher = {WILEY-VCH Verlag},
	issn = {1617-7061},
	url = {http://dx.doi.org/10.1002/pamm.200700714},
	doi = {10.1002/pamm.200700714},
	pages = {1025003--1025004},
	year = {2007},
}
@article{doi:10.1137/S1052623498343477,
	author = {R. De Leone and D. Pretolani},
	title = {Auction Algorithms for Shortest Hyperpath Problems},
	journal = {SIAM Journal on Optimization},
	volume = {11},
	number = {1},
	pages = {149-159},
	year = {2000},
	doi = {10.1137/S1052623498343477},

	URL = {http://dx.doi.org/10.1137/S1052623498343477},
	eprint = {http://dx.doi.org/10.1137/S1052623498343477}
}
@INPROCEEDINGS{6483306,
	author={J. Gao and Q. Zhao and A. Swami},
	booktitle={2012 50th Annual Allerton Conference on Communication, Control, and Computing (Allerton)},
	title={The thinnest path problem for secure communications: A directed hypergraph approach},
	year={2012},
	pages={847-852},
	doi={10.1109/Allerton.2012.6483306},
	month={Oct}
}

@article{Nielsen2006155,
	title = "Finding the K shortest hyperpaths using reoptimization ",
	journal = "Operations Research Letters ",
	volume = "34",
	number = "2",
	pages = "155 - 164",
	year = "2006",
	note = "",
	issn = "0167-6377",
	doi = "http://dx.doi.org/10.1016/j.orl.2005.04.008",
	url = "http://www.sciencedirect.com/science/article/pii/S0167637705000519",
	author = "Lars Relund Nielsen and Daniele Pretolani and Kim Allan Andersen",
	abstract = "We present some reoptimization techniques for computing (shortest) hyperpath weights in a directed hypergraph. These techniques are exploited to improve the worst-case computational complexity (as well as the practical performance) of an algorithm finding the K shortest hyperpaths in acyclic hypergraphs. "
}

@article{DBLP:journals/jsw/Chen15,
	author    = {Xinquan Chen},
	title     = {The Shortest Path Algorithms of Hypergraphs Based on Search Strategies},
	journal   = {{JSW}},
	volume    = {10},
	number    = {1},
	pages     = {94--105},
	year      = {2015},
	url       = {http://www.jsoftware.us/index.php?m=content&c=index&a=show&catid=147&id=2029},
	timestamp = {Thu, 20 Aug 2015 13:21:22 +0200},
	biburl    = {http://dblp2.uni-trier.de/rec/bib/journals/jsw/Chen15},
	bibsource = {dblp computer science bibliography, http://dblp.org}
}

@article{KNUTH19771,
	title = "A generalization of Dijkstra's algorithm",
	journal = "Information Processing Letters",
	volume = "6",
	number = "1",
	pages = "1 - 5",
	year = "1977",
	note = "",
	issn = "0020-0190",
	doi = "http://dx.doi.org/10.1016/0020-0190(77)90002-3",
	url = "http://www.sciencedirect.com/science/article/pii/0020019077900023",
	author = "Donald E. Knuth"
}

